<?xml version="1.0" encoding="UTF-8"?><record xmlns="http://www.loc.gov/MARC21/slim" xmlns:cinclude="http://apache.org/cocoon/include/1.0" xmlns:zs="http://www.loc.gov/zing/srw/">
  <leader>00438nz  a2200145n  4500</leader>
  <controlfield tag="001">ns2013001184</controlfield>
  <controlfield tag="003">DLC</controlfield>
  <controlfield tag="005">20130320100613.0</controlfield>
  <controlfield tag="008">130318n| acannaabn          |a aaa     c</controlfield>
  <datafield tag="010" ind1=" " ind2=" ">
    <subfield code="a">ns2013001184</subfield>
  </datafield>
  <datafield tag="035" ind1=" " ind2=" ">
    <subfield code="a">(CaEvSKY)skya10146860</subfield>
  </datafield>
  <datafield tag="040" ind1=" " ind2=" ">
    <subfield code="a">MX-MxITA</subfield>
    <subfield code="b">eng</subfield>
    <subfield code="c">MX-MxITA</subfield>
  </datafield>
  <datafield tag="100" ind1="1" ind2=" ">
    <subfield code="a">López Ramírez, Jorge</subfield>
  </datafield>
  <datafield tag="400" ind1="1" ind2=" ">
    <subfield code="a">Ramírez, Jorge López</subfield>
  </datafield>
  <datafield tag="670" ind1=" " ind2=" ">
    <subfield code="a">Índice de marginación por localidad 2010, 2012:</subfield>
    <subfield code="b">p. 6 (Jorge Ramírez López)</subfield>
  </datafield>
</record>